@inproceedings{JastAddJ,
 author = {Ekman,, Torbj\"{o}rn and Hedin,, G\"{o}rel},
 title = {The jastadd extensible java compiler},
 booktitle = {OOPSLA '07: Proceedings of the 22nd annual ACM SIGPLAN conference on Object-oriented programming systems and applications},
 year = {2007},
 isbn = {978-1-59593-786-5},
 pages = {1--18},
 location = {Montreal, Quebec, Canada},
 doi = {http://doi.acm.org/10.1145/1297027.1297029},
 publisher = {ACM},
 address = {New York, NY, USA},
}

@book{Zam,
  author = 	{Замятин А.П., Шур А.М.},
  title = 	 {Языки, грамматики, распознаватели},
  publisher = 	 {Екатеринбург},
  year = 	 {2007},
}

@book{DragonBook,
	author = {Aho, Alfred  V.  and Lam, Monica  S.  and Sethi, Ravi   and Ullman, Jeffrey  D. },
	citeulike-article-id = {1033375},
	howpublished = {Hardcover},
	isbn = {0321486811},
	keywords = {compiler, extensible-syntax, parsing},
	month = {August},
	posted-at = {2007-01-10 13:20:52},
	priority = {2},
	publisher = {{Addison Wesley}},
	title = {Compilers: Principles, Techniques, and Tools (2nd Edition)},
	url = {http://www.amazon.ca/exec/obidos/redirect?tag=citeulike09-20\&amp;path=ASIN/0321486811},
	year = {2006}
}

@Article{Egor,
  author = 	 {Егоров П.В.},
  title = 	 {Расширение синтаксических анализаторов с сохранением обратной совместимости},
}
